@ARTICLE{6099676, 
author={Cummings, M.L. and How, J.P. and Whitten, A and Toupet, O.}, 
journal={Proceedings of the IEEE}, 
title={The Impact of Human-Automation Collaboration in Decentralized Multiple Unmanned Vehicle Control}, 
year={2012}, 
month={March}, 
volume={100}, 
number={3}, 
pages={660-671}, 
keywords={autonomous aerial vehicles;decentralised control;inference mechanisms;knowledge based systems;multi-agent systems;path planning;resource allocation;automated agent network;automated planners;decentralized multiple unmanned vehicle control;decentralized planners;goal-based operator interface;human-automation collaboration;knowledge-based reasoning;multivariate environments;path planning;resource allocation;time-pressured environments;Automation;Decision support systems;Human factors;Supervisory control;Target tracking;Trajectory;Unmanned aerial vehicles;Command and control;decentralized task planning;decision support systems;human supervisory control;human–automation interaction;unmanned vehicles}, 
doi={10.1109/JPROC.2011.2174104}, 
ISSN={0018-9219},}

@article{coburn1994death,
  title={Death tolls in earthquakes},
  author={Coburn, Andrew and others},
  journal={The Royal Academy of Engineering},
  year={1994},
  address={London G.B.}
}


@ARTICLE{5711675, 
author={Cannata, Giorgio and Sgorbissa, A}, 
journal={Robotics, IEEE Transactions on}, 
title={A Minimalist Algorithm for Multirobot Continuous Coverage}, 
year={2011}, 
month={April}, 
volume={27}, 
number={2}, 
pages={297-312}, 
keywords={multi-robot systems;frequency distribution;memoryless robots;minimalist algorithm;multirobot continuous coverage;multirobot-controlled frequency coverage;Cleaning;Inverse problems;Markov processes;Navigation;RFID tags;Robot sensing systems;Ant-like algorithms;coverage;distributed robot systems;real-time search}, 
doi={10.1109/TRO.2011.2104510}, 
ISSN={1552-3098},}

@ARTICLE{greenVRP,
	AUTHOR = "Canhong Lin, K.L. Choy and G.T.S. Ho and S.H. Chung and H.Y. Lam",
	TITLE = "Survey of Green Vehicle Routing Problem: Past and future trends",
	JOURNAL = "Expert Systems with Applications",
	VOLUME = {41},
	PAGES = {1118-1138},
	PUBLISHER = {Elsevier},
	YEAR = 2013
}


@article{Arkin20061,
	title = "Approximations for minimum and min-max vehicle routing problems ",
	journal = "Journal of Algorithms ",
	volume = "59",
	number = "1",
	pages = "1 - 18",
	year = "2006",
	issn = "0196-6774",
	doi = "http://dx.doi.org/10.1016/j.jalgor.2005.01.007",
	url = "http://www.sciencedirect.com/science/article/pii/S0196677405000258",
	author = "Esther M. Arkin and Refael Hassin and Asaf Levin",
	keywords = "Approximation algorithms",
	keywords = "Edge-routing",
	keywords = "Vehicle routing problem",
	keywords = "Min-max problems "
}

@article{doi:10.1287/trsc.1030.0056,
	author = {Bräysy, Olli and Gendreau, Michel},
	title = {Vehicle Routing Problem with Time Windows, Part 1: Route Construction and Local Search Algorithms},
	journal = {Transportation Science},
	volume = {39},
	number = {1},
	pages = {104-118},
	year = {2005},
	doi = {10.1287/trsc.1030.0056},
	URL = {http://pubsonline.informs.org/doi/abs/10.1287/trsc.1030.0056},
	eprint = {http://pubsonline.informs.org/doi/pdf/10.1287/trsc.1030.0056}
}

@ARTICLE{koenig2001,
	AUTHOR = "Steve Koenig and Boleslaw Szymanski and Yaxin Liu.",
	TITLE = "Efficient and inefficient coverage methods",
	JOURNAL = "Annals of Mathematics and Artificial Intelligence",
	VOLUME = {31},
	PAGES = {41-76},
	PUBLISHER = {Kluwer Academic Publisher},
	ADDRESS = {Netherlands},
	YEAR = 2001
}

@INPROCEEDINGS{Koenig96easyand,
    author = {Sven Koenig and Reid G. Simmons},
    title = {Easy and hard testbeds for real-time search algorithms},
    booktitle = {In Proceedings of the National Conference on Artificial Intelligence},
    year = {1996},
    pages = {279--285}
}

@INPROCEEDINGS{506507, 
author={Koenig, S. and Simmons, R.G.}, 
booktitle={Robotics and Automation, 1996. Proceedings., 1996 IEEE International Conference on}, 
title={Unsupervised learning of probabilistic models for robot navigation}, 
year={1996}, 
month={Apr}, 
volume={3}, 
pages={2301-2308 vol.3}, 
keywords={Markov processes;mobile robots;navigation;probability;uncertainty handling;unsupervised learning;extended Baum-Welch algorithm;navigation performance;office delivery robots;partially observable Markov models;probabilistic models;robot navigation;uncertainties;unsupervised learning;Actuators;Computer science;Costs;Educational robots;Navigation;Robot sensing systems;Robustness;Training data;Uncertainty;Unsupervised learning}, 
doi={10.1109/ROBOT.1996.506507}, 
ISSN={1050-4729},}

@INPROCEEDINGS{126317,
	author={Pirzadeh, A. and Snyder, W.},
	booktitle={Robotics and Automation, 1990. Proceedings., 1990 IEEE International Conference on},
	title={A unified solution to coverage and search in explored and unexplored terrains using indirect control},
	year={1990},
	month={May},
	pages={2113-2119 vol.3},
	keywords={planning (artificial intelligence);robots;coverage problem;indirect control;robot;search problems;Communication system control;Landmine detection;Navigation;Path planning;Robot control;Robot sensing systems;Robotics and automation;Search problems;Signal processing algorithms;Target recognition},
	doi={10.1109/ROBOT.1990.126317}
}


@article{Ishida:1998:RSA:608597.608621,
 author = {Ishida, Toru},
 title = {Real-Time Search for Autonomous Agents and Multiagent Systems},
 journal = {Autonomous Agents and Multi-Agent Systems},
 issue_date = {October 1998},
 volume = {1},
 number = {2},
 month = oct,
 year = {1998},
 issn = {1387-2532},
 pages = {139--167},
 numpages = {29},
 url = {http://dx.doi.org/10.1023/A:1026449201026},
 doi = {10.1023/A:1026449201026},
 acmid = {608621},
 publisher = {Kluwer Academic Publishers},
 address = {Hingham, MA, USA},
 keywords = {autonomous agents</kwd>, multiagent systems</kwd>, real-time search</kwd>},
}



@ARTICLE{4082128,
	author={Hart, P.E. and Nilsson, N.J. and Raphael, B.},
	journal={Systems Science and Cybernetics, IEEE Transactions on},
	title={A Formal Basis for the Heuristic Determination of Minimum Cost Paths},
	year={1968},
	month={July},
	volume={4},
	number={2},
	pages={100-107},
	keywords={Automatic control;Automatic programming;Chemical technology;Costs;Functional programming;Gradient methods;Instruction sets;Mathematical programming;Minimax techniques;Minimization methods},
	doi={10.1109/TSSC.1968.300136},
	ISSN={0536-1567}
}

@INPROCEEDINGS{5152815, 
author={Schwager, M. and Julian, Brian J. and Rus, D.}, 
booktitle={Robotics and Automation, 2009. ICRA '09. IEEE International Conference on}, 
title={Optimal coverage for multiple hovering robots with downward facing cameras}, 
year={2009}, 
month={May}, 
pages={3515-3522}, 
keywords={Computer vision;Cost function;Distributed control;Intelligent robots;Orbital robotics;Robot kinematics;Robot vision systems;Robotics and automation;Smart cameras;USA Councils}, 
doi={10.1109/ROBOT.2009.5152815}, 
ISSN={1050-4729},}

@INPROCEEDINGS{5649249, 
author={Renzaglia, A and Doitsidis, L. and Martinelli, A and Kosmatopoulos, E.B.}, 
booktitle={Intelligent Robots and Systems (IROS), 2010 IEEE/RSJ International Conference on}, 
title={Cognitive-based adaptive control for cooperative multi-robot coverage}, 
year={2010}, 
month={Oct}, 
pages={3314-3320}, 
keywords={Global Positioning System;adaptive control;cognitive systems;image sensors;multi-robot systems;optimisation;robot vision;surveillance;cognitive based adaptive control;cognitive based adaptive optimization algorithm;cooperative multirobot coverage;global positioning capabilities;mobile robot team;visual sensor}, 
doi={10.1109/IROS.2010.5649249}, 
ISSN={2153-0858},}


@PhdThesis{navidCovAlgs,
           title = "{Coverage Algorithms}",
          author = "Navid Nourani-Vatani",
          school = "1Ørsted - DTU, Automation, Technical University of Denmark",
           month = dec,
            year = "2006",
}

@TECHREPORT{ChongCoverage,
 author ={Stephen Lai Chee Chong},
 title = {AM 78 Coverage Strategies},
 year = {2004},
 school = {Department of Mechanical and Production Engineering, National University of Singapore},
}

@inproceedings{MannadiarR10,
  added-at = {2010-08-26T00:00:00.000+0200},
  author = {Mannadiar, Raphael and Rekleitis, Ioannis M.},
  biburl = {http://www.bibsonomy.org/bibtex/29c2dc76afb6a00df084ecf63bfc96b27/dblp},
  booktitle = {ICRA},
  ee = {http://dx.doi.org/10.1109/ROBOT.2010.5509860},
  interhash = {399a3b3497cc7adf8cea52abb0ed0fa1},
  intrahash = {9c2dc76afb6a00df084ecf63bfc96b27},
  keywords = {dblp},
  pages = {5525-5530},
  publisher = {IEEE},
  timestamp = {2010-08-26T00:00:00.000+0200},
  title = {Optimal coverage of a known arbitrary environment.},
  url = {http://dblp.uni-trier.de/db/conf/icra/icra2010.html#MannadiarR10},
  year = 2010
}

@article{Naftos:1992,
 author = {S. Ntafos},
 title = {Watchman routes under limited visibility},
 journal = {Comput. Geom. Theory Appl.},
 volume = {1},
 number = {3},
 year = {1992},
 issn = {0925-7721},
 pages = {149--170},
 publisher = {Elsevier Science Pub. B. V.},
 address = {Amsterdam, The Netherlands, The Netherlands},
 }
 
 @INPROCEEDINGS{846365, 
author={Choset, H. and Acar, E. and Rizzi, AA and Luntz, J.}, 
booktitle={Robotics and Automation, 2000. Proceedings. ICRA '00. IEEE International Conference on}, 
title={Exact cellular decompositions in terms of critical points of Morse functions}, 
year={2000}, 
month={}, 
volume={3}, 
pages={2270-2277 vol.3}, 
keywords={computational geometry;mobile robots;path planning;topology;Euclidean space;Morse functions;cell boundaries;cellular decompositions;critical points;free space geometry;mobile robots;path planning;topology;Computational geometry;Costs;Floors;Landmine detection;Motion control;Orbital robotics;Path planning;Robot sensing systems;Snow;Topology}, 
doi={10.1109/ROBOT.2000.846365}, 
ISSN={1050-4729},}

@article{choset,
year={2000},
issn={0929-5593},
journal={Autonomous Robots},
volume={9},
number={3},
doi={10.1023/A:1008958800904},
title={Coverage of Known Spaces: The Boustrophedon Cellular Decomposition},
publisher={Kluwer Academic Publishers},
keywords={vacuum cleaning; coverage; floor coverage; boustrophedon; cellular decomposition; motion planning; complete; algorithm; mobile robot},
author={Choset, Howie},
pages={247-253},
language={English}
}

 
 @misc{ wiki:VRP,
   author = "Wikipedia",
   title = "Vehicle routing problem",
   year = "2014",
   url = "\url{http://en.wikipedia.org/wiki/Vehicle_routing_problem}",
   note = "[Online at \url{http://en.wikipedia.org/wiki/Vehicle_routing_problem}; accessed 3-08-2014]"
 }

@misc{stanf:cellDec,
   author = "Stanford University",
   title = "Motion Planning in Robotics",
   year = "1999",
   url = "\url{http://cs.stanford.edu/people/eroberts/courses/soco/projects/1998-99/robotics/basicmotion.html}",
   note = "[Online at \url{http://cs.stanford.edu/people/eroberts/courses/soco/projects/1998-99/robotics/basicmotion.html}; accessed 5-08-2014]"
 }

@incollection{ethnos2000,
year={2000},
isbn={978-3-540-41043-0},
booktitle={RoboCup-99: Robot Soccer World Cup III},
volume={1856},
series={Lecture Notes in Computer Science},
editor={Veloso, Manuela and Pagello, Enrico and Kitano, Hiroaki},
doi={10.1007/3-540-45327-X_34},
title={Programming Real Time Distributed Multiple Robotic Systems},
url={http://dx.doi.org/10.1007/3-540-45327-X_34},
publisher={Springer Berlin Heidelberg},
author={Piaggio, Maurizio and Sgorbissa, Antonio and Zaccaria, Renato},
pages={412-423},
language={English}
}

 
 
 @misc{liang_pid,
   author = "Oscar Liang",
   title = "Quadcopter PID Explained and Tuning",
   year = "2013",
   url = "\url{http://blog.oscarliang.net/quadcopter-pid-explained-tuning/}",
   note = "[Online at \url{http://blog.oscarliang.net/quadcopter-pid-explained-tuning/}; accessed 3-August-2014]"
 }
 
 @ARTICLE{2010JSDD4255A,
   author = {{Azrad}, S. and {Kendoul}, F. and {Nonami}, K.},
    title = "{Visual Servoing of Quadrotor Micro-Air Vehicle Using Color-Based Tracking Algorithm}",
  journal = {Journal of System Design and Dynamics},
 keywords = {Unmanned Aerial Vehicle, Micro-Air Vehicle, Visual Servoing, Image Processing, Integral Image, Autonomous Hovering},
     year = 2010,
   volume = 4,
    pages = {255-268},
      doi = {10.1299/jsdd.4.255},
   adsurl = {http://adsabs.harvard.edu/abs/2010JSDD....4..255A},
  adsnote = {Provided by the SAO/NASA Astrophysics Data System}
}

@inproceedings{kendoul:hal-00338358,
  TITLE = {{Asymptotic Stability of Hierarchical Inner-Outer Loop-Based Flight Controllers}},
  AUTHOR = {Kendoul, Farid and Fantoni, Isabelle and Lozano, Rogelio},
  URL = {http://halv3-preprod.archives-ouvertes.fr/hal-00338358},
  BOOKTITLE = {{17th IFAC World Congress}},
  ADDRESS = {Seoul, South Korea},
  PAGES = {0},
  YEAR = {2008},
  MONTH = Jul,
  KEYWORDS = {Rotorcraft control ; hierarchical control ; stability analysis ; systems in cascade},
}
